@Manual{bayesiantools,
title = {BayesianTools: General-Purpose MCMC and SMC Samplers and Tools for Bayesian
Statistics},
author = {Florian Hartig and Francesco Minunno and Stefan { Paul}},
year = {2019},
note = {R package version 0.1.7},
url = {https://CRAN.R-project.org/package=BayesianTools},
}
